%% Journal article

@incollection{iceis22,
author={Joosten, Stef and Roubtsova, Ella  and Haddouchi, {El} Makki},
title={Constraint Formalization for Automated Assessment of Enterprise Models},
booktitle={Proceedings of the 24th International Conference on Enterprise Information Systems - Volume 2: ICEIS,},
year={2022},
pages={430-441},
publisher={SciTePress},
organization={INSTICC},
}

@incollection{severin2022,
author={Roubtsova, Ella  and Severin, Sefanja},
title={Semantic Relations of Sub-Models in an Enterprise Model},
booktitle={Accepted for BMSD 2022, the 12th International Symposium on Business Modeling and Software Design},
year={2022},
publisher={Springer Nature},
organization={INSTICC},
}


@article{quintao2020improve,
  title={How to Improve the Validity and Reliability of a Case Study Approach?},
  author={Quint{\~a}o, C{\'a}tia and Andrade, Pedro and Almeida, Fernando},
  journal={Journal of Interdisciplinary Studies in Education},
  volume={9},
  number={2},
  pages={264--275},
  year={2020}
}
@book{sandkuhl2014enterprise,
  title={Enterprise modeling},
  author={Sandkuhl, Kurt and Stirna, Janis and Persson, Anne and Wi{\ss}otzki, Matthias},
  year={2014},
  publisher={Springer}
}

@incollection{ramos2014automated,
  title="{Automated enterprise-level analysis of Archimate models}",
  author={Ramos, Andres and Gomez, Paola and S{\'a}nchez, Mario and Villalobos, Jorge},
  booktitle={Enterprise, Business-Process and Information Systems Modeling},
  pages={439--453},
  year={2014},
  publisher={Springer}
}

@book{ArchiSurance2016,
 author = {Jonkers, Henk and Band, Iver and Quartel, Dick and Lankhorst, Marc},
 title = {ArchiSurance Case Study version 2},
 publisher = {The Open Group},
 year = {2016},
 month = {november},
}
@book{Alloy2006,
 author = {Jackson, Daniel},
 title = {Software Abstractions: Logic, Language, and Analysis},
 year = {2006},
 isbn = {0262101149},
 publisher = {The MIT Press},
}

@article{korman2016modeling,
  title={Modeling enterprise authorization: a unified metamodel and initial validation},
  author={Korman, Matus and Lagerstr{\"o}m, Robert and Ekstedt, Mathias},
  journal={Complex Systems Informatics and Modeling Quarterly},
  number={7},
  pages={1--24},
  year={2016}
}

@inproceedings{fossland2017combining,
  title={Combining top-down and bottom-up enterprise modelling},
  author={Fossland, Snorre and Krogstie, John},
  year={2017},
  organization={CEUR Workshop Proceedings}
}

@inproceedings{kim2002using,
  title="{Using enterprise reference models for automated ISO 9000 compliance evaluation}",
  author={Kim, Henry M and Fox, Mark S},
  booktitle={Proceedings of the 35th Annual Hawaii International Conference on System Sciences},
  pages={1278--1287},
  year={2002},
  organization={IEEE}
}

@inproceedings{kalogianni2016formalizing,
  title="{Formalizing Implementable Constraints in the INTERLIS Language for Modelling Legal 3D RRR Spaces and 3D Physical Objects}",
  author={Kalogianni, Eftychia and Dimopoulou, Efi and Quak, Wilko and van Oosterom, Peter},
  booktitle="{Proceedings of the 5th International Workshop on 3D Cadastres (Peter van Oosterom, Efi Dimopoulou, Elfriede M. Fendel, eds.), Athens}",
  pages={261--284},
  year={2016}
}


@inproceedings{fdhila2016classification,
  title={Classification and formalization of instance-spanning constraints in process-driven applications},
  author={Fdhila, Walid and Gall, Manuel and Rinderle-Ma, Stefanie and Mangler, Juergen and Indiono, Conrad},
  booktitle={International Conference on Business Process Management},
  pages={348--364},
  year={2016},
  organization={Springer}
}


@incollection{jeusfeld2016semcheck,
  title={SemCheck: checking constraints for multi-perspective modeling languages},
  author={Jeusfeld, Manfred A},
  booktitle={Domain-specific conceptual modeling},
  pages={31--53},
  year={2016},
  publisher={Springer}
}


@inproceedings{tepandi2019towards,
  title={Towards a cross-border reference architecture for the once-only principle in europe: An enterprise modelling approach},
  author={Tepandi, Jaak and Grandry, Eric and Fieten, Sander and Rotuna, Carmen and Sellitto, Giovanni Paolo and Zeginis, Dimitris and Draheim, Dirk and Piho, Gunnar and Tambouris, Efthimios and Tarabanis, Konstantinos},
  booktitle={IFIP Working Conference on The Practice of Enterprise Modeling},
  pages={103--117},
  year={2019},
  organization={Springer}
}

@inproceedings{bider2020structural,
  title="{Structural Coupling, Strategy and Fractal Enterprise Modeling}",
  author={Bider, Ilia},
  booktitle={International Conference on Research Challenges in Information Science},
  pages={95--111},
  year={2020},
  organization={Springer}
}

@inproceedings{chatzikonstantinou2012policy,
  title={Policy modeling and compliance verification in enterprise software systems: A survey},
  author={Chatzikonstantinou, George and Kontogiannis, Kostas},
  booktitle={2012 IEEE 6th International Workshop on the Maintenance and Evolution of Service-Oriented and Cloud-Based Systems (MESOCA)},
  pages={27--36},
  year={2012},
  organization={IEEE}
}


@OTHER{ArchiMate,
AUTHOR = "{The Open Group}",
TITLE = "{ArchiMate 3.1 Specification.}",
Year = "{2012-2019}",
}


@article{lankhorst2010anatomy,
  title="{The anatomy of the ArchiMate language}",
  author={Lankhorst, Marc M and Proper, Henderik Alex and Jonkers, Henk},
  journal="{International Journal of Information System Modeling and Design (IJISMD)}",
  volume={1},
  number={1},
  pages={1--32},
  year={2010},
  publisher={IGI Global}
}
@article{mayer2019integrated,
  title={An integrated conceptual model for information system security risk management supported by enterprise architecture management},
  author={Mayer, Nicolas and Aubert, Jocelyn and Grandry, Eric and Feltus, Christophe and Goettelmann, Elio and Wieringa, Roel},
  journal={Software \& Systems Modeling},
  volume={18},
  number={3},
  pages={2285--2312},
  year={2019},
  publisher={Springer}
}


@article{zhi2018imsa,
  title="{IMSA-Intra Model Security Assurance}",
  author={Zhi, Qiang and Yamamoto, Shuichiro and Morisaki, Shuji},
  journal={J. Internet Serv. Inf. Secur.},
  volume={8},
  number={2},
  pages={18--32},
  year={2018}
}
@inproceedings{blanco2019using,
  title="{Using an enterprise architecture model for GDPR compliance principles}",
  author={Blanco-Lain{\'e}, Ga{\"e}lle and Sottet, Jean-S{\'e}bastien and Dupuy-Chessa, Sophie},
  booktitle={IFIP Working Conference on The Practice of Enterprise Modeling},
  pages={199--214},
  year={2019},
  organization={Springer}
}

@article{chapurlat2008verification,
  title="{Verification, validation, qualification and certification of enterprise models: Statements and opportunities}",
  author={Chapurlat, Vincent and Braesch, Christian},
  journal={Computers in Industry},
  volume={59},
  number={7},
  pages={711--721},
  year={2008},
  publisher={Elsevier}
}
@article{babkin2017analysis,
  title={Analysis of the consistency of enterprise architecture models using formal verification methods},
  author={Babkin, Eduard A and Ponomarev, Nikita O},
  journal={Business Informatics},
  number={3},
  pages={30--40},
  year={2017},
  publisher={Федеральное государственное автономное образовательное учреждение высшего~…}
}
@inproceedings{arriola2018towards,
  title={Towards an enterprise architecture controlling framework},
  author={Arriola, Lennin and Markham, Andrew},
  booktitle={Proceedings of the 12th European Conference on Software Architecture: Companion Proceedings},
  pages={1--7},
  year={2018}
}
@InProceedings{marosin2016principle,
author="Marosin, Diana
and van Zee, Marc
and Ghanavati, Sepideh",
editor="Nurcan, Selmin
and Soffer, Pnina
and Bajec, Marko
and Eder, Johann",
title="Formalizing and Modeling Enterprise Architecture (EA) Principles with Goal-Oriented Requirements Language (GRL)",
booktitle="Advanced Information Systems Engineering",
year="2016",
publisher="Springer International Publishing",
address="Cham",
pages="205--220",
abstract="Enterprise Architecture (EA) principles are normally written in natural language which makes them informal, hard to evaluate and complicates tracing them to the actual goals of the organization. In this paper, we present a set of requirements for improving the clarity of definitions and develop a framework to formalize EA principles with a semi-formal language, namely the Goal-oriented Requirements Language (GRL). We introduce an extension of the language with the required constructs and establish modeling rules and constraints. This allows us to automatically reason about the soundness, completeness and consistency of a set of EA principles. We demonstrate our methodology with a case study from a governmental organization. Moreover, we extend an Eclipse-based tool.",
isbn="978-3-319-39696-5"
}
@inproceedings{kharlamov2016capturing,
  title={Capturing industrial information models with ontologies and constraints},
  author={Kharlamov, Evgeny and Grau, Bernardo Cuenca and Jim{\'e}nez-Ruiz, Ernesto and Lamparter, Steffen and Mehdi, Gulnar and Ringsquandl, Martin and Nenov, Yavor and Grimm, Stephan and Roshchin, Mikhail and Horrocks, Ian},
  booktitle={International Semantic Web Conference},
  pages={325--343},
  year={2016},
  organization={Springer}
}
@article{beauvoir2018archi,
  title={Archi-the free archimate modelling tool},
  author={Beauvoir, Phillip and Sarrodie, JB},
  journal={User Guide. The Open Group},
  year={2018}
}
@misc{beauvoir2019archi,
  title="{Archi-Open Source Archimate Modelling}",
  author={Beauvoir, Phil and Sarrodie, Jean-Baptiste},
  year={2019}
}
@article{joosten2018relation,
  title="{Relation Algebra as programming language using the Ampersand compiler}",
  author={Joosten, Stef},
  journal="{Journal of Logical and Algebraic Methods in Programming}",
  volume={100},
  pages={113--129},
  year={2018},
  publisher={Elsevier}
}
@inproceedings{wedemeijer2014relation,
  title={A relation-algebra language to specify declarative business rules},
  author={Wedemeijer, Lex},
  booktitle={4th International Symposium on Business Modeling and System Design, BMSD},
  pages={63--73},
  year={2014}
}
@article{filetenterprise,
  title={ENTERPRISE ARCHITECTURE ALIGNMENT.},
  author={Filet, Peter and van de Wetering, Rogier and Joosten, Stef},
  journal="{researchgate.net. Department of Information Sciences, Open University of the Netherland.}",
  year = "{2019}",
 }

@OTHER{ZIRA,
AUTHOR = "{ZIRA}",
TITLE = "{Ziekenhuis Referentie Architectuur)  https://sites.google.com/site/zirawiki/}",
Year = "{2019}",
}

@InProceedings{ArchiMateMetaModel,
author="Lankhorst, M. M.
and Proper, H. A.
and Jonkers, H.",
editor="Halpin, Terry
and Krogstie, John
and Nurcan, Selmin
and Proper, Erik
and Schmidt, Rainer
and Soffer, Pnina
and Ukor, Roland",
title="The Architecture of the ArchiMate Language",
booktitle="Enterprise, Business-Process and Information Systems Modeling",
year="2009",
publisher="Springer Berlin Heidelberg",
address="Berlin, Heidelberg",
pages="367--380",
abstract="In current business practice, an integrated approach to business and IT is indispensable. In many enterprises, however, such an integrated view of the entire enterprise is still far from reality. To deal with these challenges, an integrated view of the enterprise is needed, enabling impact and change analysis covering all relevant aspects. This need sparked the development of the ArchiMate language. This paper is concerned with documenting some of the key design decisions and design principles underlying the ArchiMate language.",
isbn="978-3-642-01862-6"
}